@article{martello1987algorithms,
  title={Algorithms for knapsack problems},
  author={Martello, Silvano and Toth, Paolo},
  journal={North-Holland Mathematics Studies},
  volume={132},
  pages={213--257},
  year={1987},
  publisher={Elsevier}
}


@book{10.5555/98124,
author = {Martello, Silvano and Toth, Paolo},
title = {Knapsack problems: algorithms and computer implementations},
year = {1990},
isbn = {0471924202},
publisher = {John Wiley \& Sons, Inc.},
address = {USA}
}